2350 4192
383 177 574 244 ‚m
822 157 1033 293 ,ψ’

119 382 475 468 Tarcuunrure
497 391 606 464 autem
621 361 780 450 monebte
806 373 855 452 ill.
873 383 951 461 Vc,

6 483 8 518 ¹
68 507 220 560 cuuto
248 485 317 552 iam
335 477 420 552 olim
443 480 656 567 innotuerunt
681 473 948 558 obseruatoribua.

6 657 7 660 ,
65 584 181 687 Quod
218 607 321 682 porro
350 581 513 653 vermium
547 571 830 674 symptomataet
852 582 948 686 signa

64 695 216 771 attinet,
256 683 387 766 dubito,
427 677 529 752 multa
557 676 712 756 addidisse
740 692 948 774 recentiores,

66 817 164 892 quae
199 812 270 860 nou
305 774 451 882 cognita*
470 777 592 862 fuerint
626 783 850 881 antiquiffimir
876 795 946 868 iam

66 889 298 988 temporibus.
351 882 541 981 Pathologia
571 877 616 954 sic
644 883 730 959 didla
757 891 944 966 verminosa
978 936 980 940 »

67 992 209 1070 natales
239 987 492 1060 delementum
522 991 719 1058 commentis
750 985 792 1060 de
810 1017 943 1088 genera·

68 1102 181 1168 tione
210 1096 418 1188 aequiuoca,.
434 1110 515 1186 quae
537 1112 555 1158 a
578 1106 626 1159 tot
650 1085 762 1162 seculis
781 1091 823 1164 ab
847 1105 943 1168 Ater.

72 1214 289 1278 emor-rere
329 1214 362 1262 et
401 1195 630 1276 Aruerno,
682 1194 775 1264 toties
806 1201 941 1295 repetita

76 1291 148 1372 fuit
165 1299 201 1368 in
222 1289 343 1392 scriptis
363 1288 580 1363 medicorum.
829 1295 832 1301 '

126 1497 200 1568 Nec
220 1497 255 1565 in
271 1517 312 1566 eo
327 1487 565 1592 acquifiuerunt
579 1485 674 1563 seculi
697 1493 792 1566 huius
804 1491 939 1587 medici,

67 1615 109 1672 vt
126 1595 344 1669 emendarent
359 1599 394 1666 in
413 1591 480 1666 dies
502 1599 605 1690 magis
628 1593 822 1672 morborum
841 1599 941 1690 hillo·
967 1649 969 1658 ι
993 1685 997 1691 .

68 1704 181 1786 riam,
218 1695 260 1768 ad
286 1715 431 1769 veterum
460 1693 662 1794 potlffimum
685 1698 870 1796 exemplat,
904 1722 939 1776 vt
1020 1777 1024 1790 ,

72 1796 196 1874 caussae
232 1797 347 1870 melius
370 1793 584 1896 perspicerent
609 1818 657 1869 tot
679 1800 874 1875 morborum
897 1829 937 1878 ac
978 1798 981 1804 ’

79 1899 335 1997 iymtomatum,
378 1895 433 1972 sed
465 1897 533 1970 illac
566 1923 605 1970 ex
636 1896 782 1996 physrcit.
810 1901 935 2000 legibue

72 2004 279 2109 explicare„
310 2025 372 2074 nee
401 2025 470 2072 non
504 2025 546 2074 ex
588 2004 734 2074 chemiae
766 2007 936 2102 capitibus,

70 2110 185 2176 immo
222 2109 321 2174 etiam
351 2127 391 2174 ex
424 2103 661 2188 rnathematum
694 2101 936 2196 sublimioribus
965 2132 968 2155 ¹

74 2200 252 2301 disciplinis
276 2203 430 2276 illullrare
456 2200 652 2276 studuerunt.
703 2212 935 2286 laurona.
979 2209 981 2216 ’
1051 2283 1055 2302 ,

74 2331 102 2380 a·
115 2331 276 2378 neure
291 2328 397 2377 reos
426 2299 456 2376 se
489 2303 592 2376 voluit
624 2304 776 2400 appellari
799 2305 933 2403 superba

73 2434 173 2508 gens,
198 2433 279 2505 quae
293 2405 437 2478 excoluit
453 2403 651 2478 medicinam
675 2403 765 2480 illam
784 2406 935 2504 physico·

75 2513 322 2592 mechanicam,
355 2529 387 2580 et
412 2513 495 2590 inter
520 2511 611 2578 initia
638 2510 733 2580 huius
754 2504 851 2598 seculi
879 2539 933 2589 ex-
995 2575 997 2582 ,

78 2611 144 2684 tulit
159 2614 311 2710 inprimis
326 2627 439 2707 caput,
469 2634 506 2680 ac
519 2599 657 2681 omnem
681 2605 751 2682 fere
773 2599 934 2711 antiquio·

75 2739 149 2789 tum
175 2715 369 2810 temporum
405 2707 604 2784 medicinam
620 2713 781 2786 ¹euertere
813 2713 933 2788 allabo-

71 2821 159 2888 raur't.
215 2813 378 2890 Permulta
410 2809 564 2910 quidem,
610 2837 692 2910 quae
727 2818 761 2886 in
793 2828 935 2912 corpore

69 2917 205 2990 animali
231 2914 334 2996 fiunt,
357 2918 582 2986 mecbarrismo
607 2911 738 2998 deberi,
769 2943 870 2988 nemo
895 2925 932 2990 iu

69 3017 210 3092 dubium
236 3041 352 3089 vocare
376 3019 482 3112 cupit,
514 3012 569 3086 sed
594 3039 754 3115 eousque
783 3015 933 3114 processit

70 3119 203 3194 audacia
251 3118 672 3210 latronrathematicomm,
723 3138 757 3190 vt
805 3115 932 3217 singula

70 3225 300 3318 phaenomena
330 3223 548 3290 oeconomiae
576 3217 724 3290 animalis
743 3245 776 3291 -a
810 3224 931 3294 viribus

68 3325 148 3414 illie,
175 3342 211 3398 vt
228 3339 405 3422 uocantur,
426 3323 587 3414 mortuis,
609 3319 812 3428 detinerent,
836 3343 932 3419 atque

524 3424 610 3502 Μ’
888 3448 929 3496 ert
967 3477 974 3486 .
